%% This BibTeX bibliography file was created using BibDesk.
%% http://bibdesk.sourceforge.net/


%% Created for Eevert Saukkokoski at 2015-11-01 20:31:53 +0200 


%% Saved with string encoding Unicode (UTF-8) 



@article{tsoukas2009dialogical,
	Author = {Tsoukas, Haridimos},
	Journal = {Organization Science},
	Number = {6},
	Pages = {941--957},
	Publisher = {INFORMS},
	Title = {A dialogical approach to the creation of new knowledge in organizations},
	Volume = {20},
	Year = {2009},
	Bdsk-File-1 = {YnBsaXN0MDDUAQIDBAUGJCVYJHZlcnNpb25YJG9iamVjdHNZJGFyY2hpdmVyVCR0b3ASAAGGoKgHCBMUFRYaIVUkbnVsbNMJCgsMDxJXTlMua2V5c1pOUy5vYmplY3RzViRjbGFzc6INDoACgAOiEBGABIAFgAdccmVsYXRpdmVQYXRoWWFsaWFzRGF0YV8QT3NvdXJjZXMvVHNvdWthcyAtIDIwMDkgLSBBIERpYWxvZ2ljYWwgQXBwcm9hY2ggdG8gdGhlIENyZWF0aW9uIG9mIE5ldyBLbm93bC5wZGbSFwsYGVdOUy5kYXRhTxECbAAAAAACbAACAAAMTWFjaW50b3NoIEhEAAAAAAAAAAAAAAAAAAAAzKbwwkgrAAAABe+0H1Rzb3VrYXMgLSAyMDA5IC0gQSAjMTA0MUZDOC5wZGYAAAAAAAAAAAAAAAAAAAAAAAAAAAAAAAAAAAAAAAAAAAEEH8jSI5riAAAAAAAAAAAAAQADAAAJIAAAAAAAAAAAAAAAAAAAAAdzb3VyY2VzAAAQAAgAAMymxpIAAAARAAgAANIjcLIAAAABABgABe+0AAXvawAF71MABe7uAAXKzgACBjsAAgBbTWFjaW50b3NoIEhEOlVzZXJzOgBlemt1OgBEcm9wYm94OgBPcGlubm90OgBEaXBwYToAc291cmNlczoAVHNvdWthcyAtIDIwMDkgLSBBICMxMDQxRkM4LnBkZgAADgCQAEcAVABzAG8AdQBrAGEAcwAgAC0AIAAyADAAMAA5ACAALQAgAEEAIABEAGkAYQBsAG8AZwBpAGMAYQBsACAAQQBwAHAAcgBvAGEAYwBoACAAdABvACAAdABoAGUAIABDAHIAZQBhAHQAaQBvAG4AIABvAGYAIABOAGUAdwAgAEsAbgBvAHcAbAAuAHAAZABmAA8AGgAMAE0AYQBjAGkAbgB0AG8AcwBoACAASABEABIAcFVzZXJzL2V6a3UvRHJvcGJveC9PcGlubm90L0RpcHBhL3NvdXJjZXMvVHNvdWthcyAtIDIwMDkgLSBBIERpYWxvZ2ljYWwgQXBwcm9hY2ggdG8gdGhlIENyZWF0aW9uIG9mIE5ldyBLbm93bC5wZGYAEwABLwAAFQACAAv//wAAgAbSGxwdHlokY2xhc3NuYW1lWCRjbGFzc2VzXU5TTXV0YWJsZURhdGGjHR8gVk5TRGF0YVhOU09iamVjdNIbHCIjXE5TRGljdGlvbmFyeaIiIF8QD05TS2V5ZWRBcmNoaXZlctEmJ1Ryb290gAEACAARABoAIwAtADIANwBAAEYATQBVAGAAZwBqAGwAbgBxAHMAdQB3AIQAjgDgAOUA7QNdA18DZANvA3gDhgOKA5EDmgOfA6wDrwPBA8QDyQAAAAAAAAIBAAAAAAAAACgAAAAAAAAAAAAAAAAAAAPL},
	Bdsk-File-2 = {YnBsaXN0MDDUAQIDBAUGJCVYJHZlcnNpb25YJG9iamVjdHNZJGFyY2hpdmVyVCR0b3ASAAGGoKgHCBMUFRYaIVUkbnVsbNMJCgsMDxJXTlMua2V5c1pOUy5vYmplY3RzViRjbGFzc6INDoACgAOiEBGABIAFgAdccmVsYXRpdmVQYXRoWWFsaWFzRGF0YV8QHm5vdGVzL3Rzb3VrYXMyMDA5ZGlhbG9naWNhbC5tZNIXCxgZV05TLmRhdGFPEQHSAAAAAAHSAAIAAAxNYWNpbnRvc2ggSEQAAAAAAAAAAAAAAAAAAADMpvDCSCsAAAEbhqYYdHNvdWthczIwMDlkaWFsb2dpY2FsLm1kAAAAAAAAAAAAAAAAAAAAAAAAAAAAAAAAAAAAAAAAAAAAAAAAAAAAARuHCNJcJsUAAAAAAAAAAAABAAMAAAkgAAAAAAAAAAAAAAAAAAAABW5vdGVzAAAQAAgAAMymxpIAAAARAAgAANJcCqUAAAABABgBG4amAAXvawAF71MABe7uAAXKzgACBjsAAgBSTWFjaW50b3NoIEhEOlVzZXJzOgBlemt1OgBEcm9wYm94OgBPcGlubm90OgBEaXBwYToAbm90ZXM6AHRzb3VrYXMyMDA5ZGlhbG9naWNhbC5tZAAOADIAGAB0AHMAbwB1AGsAYQBzADIAMAAwADkAZABpAGEAbABvAGcAaQBjAGEAbAAuAG0AZAAPABoADABNAGEAYwBpAG4AdABvAHMAaAAgAEgARAASAD9Vc2Vycy9lemt1L0Ryb3Bib3gvT3Bpbm5vdC9EaXBwYS9ub3Rlcy90c291a2FzMjAwOWRpYWxvZ2ljYWwubWQAABMAAS8AABUAAgAL//8AAIAG0hscHR5aJGNsYXNzbmFtZVgkY2xhc3Nlc11OU011dGFibGVEYXRhox0fIFZOU0RhdGFYTlNPYmplY3TSGxwiI1xOU0RpY3Rpb25hcnmiIiBfEA9OU0tleWVkQXJjaGl2ZXLRJidUcm9vdIABAAgAEQAaACMALQAyADcAQABGAE0AVQBgAGcAagBsAG4AcQBzAHUAdwCEAI4ArwC0ALwCkgKUApkCpAKtArsCvwLGAs8C1ALhAuQC9gL5Av4AAAAAAAACAQAAAAAAAAAoAAAAAAAAAAAAAAAAAAADAA==}}

@article{carlile2002pragmatic,
	Author = {Carlile, Paul R},
	Journal = {Organization science},
	Number = {4},
	Pages = {442--455},
	Publisher = {INFORMS},
	Title = {A pragmatic view of knowledge and boundaries: Boundary objects in new product development},
	Volume = {13},
	Year = {2002},
	Bdsk-File-1 = {YnBsaXN0MDDUAQIDBAUGJCVYJHZlcnNpb25YJG9iamVjdHNZJGFyY2hpdmVyVCR0b3ASAAGGoKgHCBMUFRYaIVUkbnVsbNMJCgsMDxJXTlMua2V5c1pOUy5vYmplY3RzViRjbGFzc6INDoACgAOiEBGABIAFgAdccmVsYXRpdmVQYXRoWWFsaWFzRGF0YV8QTnNvdXJjZXMvQ2FybGlsZSAtIDIwMDIgLSBBIFByYWdtYXRpYyBWaWV3IG9mIEtub3dsZWRnZSBhbmQgQm91bmRhcmllcyBCb3VuLnBkZtIXCxgZV05TLmRhdGFPEQJqAAAAAAJqAAIAAAxNYWNpbnRvc2ggSEQAAAAAAAAAAAAAAAAAAADMpvDCSCsAAAAF77QfQ2FybGlsZSAtIDIwMDIgLSBBICMxMUI1OUJDLnBkZgAAAAAAAAAAAAAAAAAAAAAAAAAAAAAAAAAAAAAAAAAAARtZvNIjmsMAAAAAAAAAAAABAAMAAAkgAAAAAAAAAAAAAAAAAAAAB3NvdXJjZXMAABAACAAAzKbGkgAAABEACAAA0iNwkwAAAAEAGAAF77QABe9rAAXvUwAF7u4ABcrOAAIGOwACAFtNYWNpbnRvc2ggSEQ6VXNlcnM6AGV6a3U6AERyb3Bib3g6AE9waW5ub3Q6AERpcHBhOgBzb3VyY2VzOgBDYXJsaWxlIC0gMjAwMiAtIEEgIzExQjU5QkMucGRmAAAOAI4ARgBDAGEAcgBsAGkAbABlACAALQAgADIAMAAwADIAIAAtACAAQQAgAFAAcgBhAGcAbQBhAHQAaQBjACAAVgBpAGUAdwAgAG8AZgAgAEsAbgBvAHcAbABlAGQAZwBlACAAYQBuAGQAIABCAG8AdQBuAGQAYQByAGkAZQBzACAAQgBvAHUAbgAuAHAAZABmAA8AGgAMAE0AYQBjAGkAbgB0AG8AcwBoACAASABEABIAb1VzZXJzL2V6a3UvRHJvcGJveC9PcGlubm90L0RpcHBhL3NvdXJjZXMvQ2FybGlsZSAtIDIwMDIgLSBBIFByYWdtYXRpYyBWaWV3IG9mIEtub3dsZWRnZSBhbmQgQm91bmRhcmllcyBCb3VuLnBkZgAAEwABLwAAFQACAAv//wAAgAbSGxwdHlokY2xhc3NuYW1lWCRjbGFzc2VzXU5TTXV0YWJsZURhdGGjHR8gVk5TRGF0YVhOU09iamVjdNIbHCIjXE5TRGljdGlvbmFyeaIiIF8QD05TS2V5ZWRBcmNoaXZlctEmJ1Ryb290gAEACAARABoAIwAtADIANwBAAEYATQBVAGAAZwBqAGwAbgBxAHMAdQB3AIQAjgDfAOQA7ANaA1wDYQNsA3UDgwOHA44DlwOcA6kDrAO+A8EDxgAAAAAAAAIBAAAAAAAAACgAAAAAAAAAAAAAAAAAAAPI},
	Bdsk-File-2 = {YnBsaXN0MDDUAQIDBAUGJCVYJHZlcnNpb25YJG9iamVjdHNZJGFyY2hpdmVyVCR0b3ASAAGGoKgHCBMUFRYaIVUkbnVsbNMJCgsMDxJXTlMua2V5c1pOUy5vYmplY3RzViRjbGFzc6INDoACgAOiEBGABIAFgAdccmVsYXRpdmVQYXRoWWFsaWFzRGF0YV8QHW5vdGVzL2NhcmxpbGUyMDAycHJhZ21hdGljLm1k0hcLGBlXTlMuZGF0YU8RAc4AAAAAAc4AAgAADE1hY2ludG9zaCBIRAAAAAAAAAAAAAAAAAAAAMym8MJIKwAAARuGphdjYXJsaWxlMjAwMnByYWdtYXRpYy5tZAAAAAAAAAAAAAAAAAAAAAAAAAAAAAAAAAAAAAAAAAAAAAAAAAAAAAABG4bZ0lwmlQAAAAAAAAAAAAEAAwAACSAAAAAAAAAAAAAAAAAAAAAFbm90ZXMAABAACAAAzKbGkgAAABEACAAA0lwKdQAAAAEAGAEbhqYABe9rAAXvUwAF7u4ABcrOAAIGOwACAFFNYWNpbnRvc2ggSEQ6VXNlcnM6AGV6a3U6AERyb3Bib3g6AE9waW5ub3Q6AERpcHBhOgBub3RlczoAY2FybGlsZTIwMDJwcmFnbWF0aWMubWQAAA4AMAAXAGMAYQByAGwAaQBsAGUAMgAwADAAMgBwAHIAYQBnAG0AYQB0AGkAYwAuAG0AZAAPABoADABNAGEAYwBpAG4AdABvAHMAaAAgAEgARAASAD5Vc2Vycy9lemt1L0Ryb3Bib3gvT3Bpbm5vdC9EaXBwYS9ub3Rlcy9jYXJsaWxlMjAwMnByYWdtYXRpYy5tZAATAAEvAAAVAAIAC///AACABtIbHB0eWiRjbGFzc25hbWVYJGNsYXNzZXNdTlNNdXRhYmxlRGF0YaMdHyBWTlNEYXRhWE5TT2JqZWN00hscIiNcTlNEaWN0aW9uYXJ5oiIgXxAPTlNLZXllZEFyY2hpdmVy0SYnVHJvb3SAAQAIABEAGgAjAC0AMgA3AEAARgBNAFUAYABnAGoAbABuAHEAcwB1AHcAhACOAK4AswC7Ao0CjwKUAp8CqAK2AroCwQLKAs8C3ALfAvEC9AL5AAAAAAAAAgEAAAAAAAAAKAAAAAAAAAAAAAAAAAAAAvs=}}

@article{bechky2003sharing,
	Author = {Bechky, Beth A},
	Journal = {Organization science},
	Number = {3},
	Pages = {312--330},
	Publisher = {INFORMS},
	Title = {Sharing meaning across occupational communities: The transformation of understanding on a production floor},
	Volume = {14},
	Year = {2003},
	Bdsk-File-1 = {YnBsaXN0MDDUAQIDBAUGJCVYJHZlcnNpb25YJG9iamVjdHNZJGFyY2hpdmVyVCR0b3ASAAGGoKgHCBMUFRYaIVUkbnVsbNMJCgsMDxJXTlMua2V5c1pOUy5vYmplY3RzViRjbGFzc6INDoACgAOiEBGABIAFgAdccmVsYXRpdmVQYXRoWWFsaWFzRGF0YV8QTXNvdXJjZXMvQmVjaGt5IC0gMjAwMyAtIFNoYXJpbmcgTWVhbmluZyBBY3Jvc3MgT2NjdXBhdGlvbmFsIENvbW11bml0aWVzIFQucGRm0hcLGBlXTlMuZGF0YU8RAmYAAAAAAmYAAgAADE1hY2ludG9zaCBIRAAAAAAAAAAAAAAAAAAAAMym8MJIKwAAAAXvtB9CZWNoa3kgLSAyMDAzIC0gU2hhIzEwNDFGQzMucGRmAAAAAAAAAAAAAAAAAAAAAAAAAAAAAAAAAAAAAAAAAAABBB/D0iOa8QAAAAAAAAAAAAEAAwAACSAAAAAAAAAAAAAAAAAAAAAHc291cmNlcwAAEAAIAADMpsaSAAAAEQAIAADSI3DBAAAAAQAYAAXvtAAF72sABe9TAAXu7gAFys4AAgY7AAIAW01hY2ludG9zaCBIRDpVc2VyczoAZXprdToARHJvcGJveDoAT3Bpbm5vdDoARGlwcGE6AHNvdXJjZXM6AEJlY2hreSAtIDIwMDMgLSBTaGEjMTA0MUZDMy5wZGYAAA4AjABFAEIAZQBjAGgAawB5ACAALQAgADIAMAAwADMAIAAtACAAUwBoAGEAcgBpAG4AZwAgAE0AZQBhAG4AaQBuAGcAIABBAGMAcgBvAHMAcwAgAE8AYwBjAHUAcABhAHQAaQBvAG4AYQBsACAAQwBvAG0AbQB1AG4AaQB0AGkAZQBzACAAVAAuAHAAZABmAA8AGgAMAE0AYQBjAGkAbgB0AG8AcwBoACAASABEABIAblVzZXJzL2V6a3UvRHJvcGJveC9PcGlubm90L0RpcHBhL3NvdXJjZXMvQmVjaGt5IC0gMjAwMyAtIFNoYXJpbmcgTWVhbmluZyBBY3Jvc3MgT2NjdXBhdGlvbmFsIENvbW11bml0aWVzIFQucGRmABMAAS8AABUAAgAL//8AAIAG0hscHR5aJGNsYXNzbmFtZVgkY2xhc3Nlc11OU011dGFibGVEYXRhox0fIFZOU0RhdGFYTlNPYmplY3TSGxwiI1xOU0RpY3Rpb25hcnmiIiBfEA9OU0tleWVkQXJjaGl2ZXLRJidUcm9vdIABAAgAEQAaACMALQAyADcAQABGAE0AVQBgAGcAagBsAG4AcQBzAHUAdwCEAI4A3gDjAOsDVQNXA1wDZwNwA34DggOJA5IDlwOkA6cDuQO8A8EAAAAAAAACAQAAAAAAAAAoAAAAAAAAAAAAAAAAAAADww==},
	Bdsk-File-2 = {YnBsaXN0MDDUAQIDBAUGJCVYJHZlcnNpb25YJG9iamVjdHNZJGFyY2hpdmVyVCR0b3ASAAGGoKgHCBMUFRYaIVUkbnVsbNMJCgsMDxJXTlMua2V5c1pOUy5vYmplY3RzViRjbGFzc6INDoACgAOiEBGABIAFgAdccmVsYXRpdmVQYXRoWWFsaWFzRGF0YV8QGm5vdGVzL2JlY2hreTIwMDNzaGFyaW5nLm1k0hcLGBlXTlMuZGF0YU8RAcIAAAAAAcIAAgAADE1hY2ludG9zaCBIRAAAAAAAAAAAAAAAAAAAAMym8MJIKwAAARuGphRiZWNoa3kyMDAzc2hhcmluZy5tZAAAAAAAAAAAAAAAAAAAAAAAAAAAAAAAAAAAAAAAAAAAAAAAAAAAAAAAAAABG4dT0lwm8wAAAAAAAAAAAAEAAwAACSAAAAAAAAAAAAAAAAAAAAAFbm90ZXMAABAACAAAzKbGkgAAABEACAAA0lwK0wAAAAEAGAEbhqYABe9rAAXvUwAF7u4ABcrOAAIGOwACAE5NYWNpbnRvc2ggSEQ6VXNlcnM6AGV6a3U6AERyb3Bib3g6AE9waW5ub3Q6AERpcHBhOgBub3RlczoAYmVjaGt5MjAwM3NoYXJpbmcubWQADgAqABQAYgBlAGMAaABrAHkAMgAwADAAMwBzAGgAYQByAGkAbgBnAC4AbQBkAA8AGgAMAE0AYQBjAGkAbgB0AG8AcwBoACAASABEABIAO1VzZXJzL2V6a3UvRHJvcGJveC9PcGlubm90L0RpcHBhL25vdGVzL2JlY2hreTIwMDNzaGFyaW5nLm1kAAATAAEvAAAVAAIAC///AACABtIbHB0eWiRjbGFzc25hbWVYJGNsYXNzZXNdTlNNdXRhYmxlRGF0YaMdHyBWTlNEYXRhWE5TT2JqZWN00hscIiNcTlNEaWN0aW9uYXJ5oiIgXxAPTlNLZXllZEFyY2hpdmVy0SYnVHJvb3SAAQAIABEAGgAjAC0AMgA3AEAARgBNAFUAYABnAGoAbABuAHEAcwB1AHcAhACOAKsAsAC4An4CgAKFApACmQKnAqsCsgK7AsACzQLQAuIC5QLqAAAAAAAAAgEAAAAAAAAAKAAAAAAAAAAAAAAAAAAAAuw=}}

@article{carlile2004transferring,
	Author = {Carlile, Paul R},
	Journal = {Organization science},
	Number = {5},
	Pages = {555--568},
	Publisher = {INFORMS},
	Title = {Transferring, translating, and transforming: An integrative framework for managing knowledge across boundaries},
	Volume = {15},
	Year = {2004},
	Bdsk-File-1 = {YnBsaXN0MDDUAQIDBAUGJCVYJHZlcnNpb25YJG9iamVjdHNZJGFyY2hpdmVyVCR0b3ASAAGGoKgHCBMUFRYaIVUkbnVsbNMJCgsMDxJXTlMua2V5c1pOUy5vYmplY3RzViRjbGFzc6INDoACgAOiEBGABIAFgAdccmVsYXRpdmVQYXRoWWFsaWFzRGF0YV8QTnNvdXJjZXMvQ2FybGlsZSAtIDIwMDQgLSBUcmFuc2ZlcnJpbmcsIFRyYW5zbGF0aW5nLCBhbmQgVHJhbnNmb3JtaW5nIEFuIEluLnBkZtIXCxgZV05TLmRhdGFPEQJqAAAAAAJqAAIAAAxNYWNpbnRvc2ggSEQAAAAAAAAAAAAAAAAAAADMpvDCSCsAAAAF77QfQ2FybGlsZSAtIDIwMDQgLSBUciMxMDQyMDI2LnBkZgAAAAAAAAAAAAAAAAAAAAAAAAAAAAAAAAAAAAAAAAAAAQQgJtIjmtMAAAAAAAAAAAABAAMAAAkgAAAAAAAAAAAAAAAAAAAAB3NvdXJjZXMAABAACAAAzKbGkgAAABEACAAA0iNwowAAAAEAGAAF77QABe9rAAXvUwAF7u4ABcrOAAIGOwACAFtNYWNpbnRvc2ggSEQ6VXNlcnM6AGV6a3U6AERyb3Bib3g6AE9waW5ub3Q6AERpcHBhOgBzb3VyY2VzOgBDYXJsaWxlIC0gMjAwNCAtIFRyIzEwNDIwMjYucGRmAAAOAI4ARgBDAGEAcgBsAGkAbABlACAALQAgADIAMAAwADQAIAAtACAAVAByAGEAbgBzAGYAZQByAHIAaQBuAGcALAAgAFQAcgBhAG4AcwBsAGEAdABpAG4AZwAsACAAYQBuAGQAIABUAHIAYQBuAHMAZgBvAHIAbQBpAG4AZwAgAEEAbgAgAEkAbgAuAHAAZABmAA8AGgAMAE0AYQBjAGkAbgB0AG8AcwBoACAASABEABIAb1VzZXJzL2V6a3UvRHJvcGJveC9PcGlubm90L0RpcHBhL3NvdXJjZXMvQ2FybGlsZSAtIDIwMDQgLSBUcmFuc2ZlcnJpbmcsIFRyYW5zbGF0aW5nLCBhbmQgVHJhbnNmb3JtaW5nIEFuIEluLnBkZgAAEwABLwAAFQACAAv//wAAgAbSGxwdHlokY2xhc3NuYW1lWCRjbGFzc2VzXU5TTXV0YWJsZURhdGGjHR8gVk5TRGF0YVhOU09iamVjdNIbHCIjXE5TRGljdGlvbmFyeaIiIF8QD05TS2V5ZWRBcmNoaXZlctEmJ1Ryb290gAEACAARABoAIwAtADIANwBAAEYATQBVAGAAZwBqAGwAbgBxAHMAdQB3AIQAjgDfAOQA7ANaA1wDYQNsA3UDgwOHA44DlwOcA6kDrAO+A8EDxgAAAAAAAAIBAAAAAAAAACgAAAAAAAAAAAAAAAAAAAPI},
	Bdsk-File-2 = {YnBsaXN0MDDUAQIDBAUGJCVYJHZlcnNpb25YJG9iamVjdHNZJGFyY2hpdmVyVCR0b3ASAAGGoKgHCBMUFRYaIVUkbnVsbNMJCgsMDxJXTlMua2V5c1pOUy5vYmplY3RzViRjbGFzc6INDoACgAOiEBGABIAFgAdccmVsYXRpdmVQYXRoWWFsaWFzRGF0YV8QIG5vdGVzL2NhcmxpbGUyMDA0dHJhbnNmZXJyaW5nLm1k0hcLGBlXTlMuZGF0YU8RAdoAAAAAAdoAAgAADE1hY2ludG9zaCBIRAAAAAAAAAAAAAAAAAAAAMym8MJIKwAAARuGphpjYXJsaWxlMjAwNHRyYW5zZmVycmluZy5tZAAAAAAAAAAAAAAAAAAAAAAAAAAAAAAAAAAAAAAAAAAAAAAAAAABG4du0lwnCwAAAAAAAAAAAAEAAwAACSAAAAAAAAAAAAAAAAAAAAAFbm90ZXMAABAACAAAzKbGkgAAABEACAAA0lwK6wAAAAEAGAEbhqYABe9rAAXvUwAF7u4ABcrOAAIGOwACAFRNYWNpbnRvc2ggSEQ6VXNlcnM6AGV6a3U6AERyb3Bib3g6AE9waW5ub3Q6AERpcHBhOgBub3RlczoAY2FybGlsZTIwMDR0cmFuc2ZlcnJpbmcubWQADgA2ABoAYwBhAHIAbABpAGwAZQAyADAAMAA0AHQAcgBhAG4AcwBmAGUAcgByAGkAbgBnAC4AbQBkAA8AGgAMAE0AYQBjAGkAbgB0AG8AcwBoACAASABEABIAQVVzZXJzL2V6a3UvRHJvcGJveC9PcGlubm90L0RpcHBhL25vdGVzL2NhcmxpbGUyMDA0dHJhbnNmZXJyaW5nLm1kAAATAAEvAAAVAAIAC///AACABtIbHB0eWiRjbGFzc25hbWVYJGNsYXNzZXNdTlNNdXRhYmxlRGF0YaMdHyBWTlNEYXRhWE5TT2JqZWN00hscIiNcTlNEaWN0aW9uYXJ5oiIgXxAPTlNLZXllZEFyY2hpdmVy0SYnVHJvb3SAAQAIABEAGgAjAC0AMgA3AEAARgBNAFUAYABnAGoAbABuAHEAcwB1AHcAhACOALEAtgC+ApwCngKjAq4CtwLFAskC0ALZAt4C6wLuAwADAwMIAAAAAAAAAgEAAAAAAAAAKAAAAAAAAAAAAAAAAAAAAwo=}}

@article{ewenstein2009knowledge,
	Author = {Ewenstein, Boris and Whyte, Jennifer},
	Journal = {Organization Studies},
	Number = {1},
	Pages = {07--30},
	Publisher = {SAGE Publications},
	Title = {Knowledge practices in design: the role of visual representations as 'epistemic objects'},
	Volume = {30},
	Year = {2009},
	Bdsk-File-1 = {YnBsaXN0MDDUAQIDBAUGJCVYJHZlcnNpb25YJG9iamVjdHNZJGFyY2hpdmVyVCR0b3ASAAGGoKgHCBMUFRYaIVUkbnVsbNMJCgsMDxJXTlMua2V5c1pOUy5vYmplY3RzViRjbGFzc6INDoACgAOiEBGABIAFgAdccmVsYXRpdmVQYXRoWWFsaWFzRGF0YV8QWnNvdXJjZXMvRXdlbnN0ZWluIGFuZCBXaHl0ZSAtIDIwMDkgLSBLbm93bGVkZ2UgUHJhY3RpY2VzIGluIERlc2lnbiBUaGUgUm9sZSBvZiBWaXN1YWwgLnBkZtIXCxgZV05TLmRhdGFPEQKOAAAAAAKOAAIAAAxNYWNpbnRvc2ggSEQAAAAAAAAAAAAAAAAAAADMpvDCSCsAAAAF77QfRXdlbnN0ZWluIGFuZCBXaHl0ZSMxMDU1NDU4LnBkZgAAAAAAAAAAAAAAAAAAAAAAAAAAAAAAAAAAAAAAAAAAAQVUWNIyEeQAAAAAAAAAAAABAAMAAAkgAAAAAAAAAAAAAAAAAAAAB3NvdXJjZXMAABAACAAAzKbGkgAAABEACAAA0jHntAAAAAEAGAAF77QABe9rAAXvUwAF7u4ABcrOAAIGOwACAFtNYWNpbnRvc2ggSEQ6VXNlcnM6AGV6a3U6AERyb3Bib3g6AE9waW5ub3Q6AERpcHBhOgBzb3VyY2VzOgBFd2Vuc3RlaW4gYW5kIFdoeXRlIzEwNTU0NTgucGRmAAAOAKYAUgBFAHcAZQBuAHMAdABlAGkAbgAgAGEAbgBkACAAVwBoAHkAdABlACAALQAgADIAMAAwADkAIAAtACAASwBuAG8AdwBsAGUAZABnAGUAIABQAHIAYQBjAHQAaQBjAGUAcwAgAGkAbgAgAEQAZQBzAGkAZwBuACAAVABoAGUAIABSAG8AbABlACAAbwBmACAAVgBpAHMAdQBhAGwAIAAuAHAAZABmAA8AGgAMAE0AYQBjAGkAbgB0AG8AcwBoACAASABEABIAe1VzZXJzL2V6a3UvRHJvcGJveC9PcGlubm90L0RpcHBhL3NvdXJjZXMvRXdlbnN0ZWluIGFuZCBXaHl0ZSAtIDIwMDkgLSBLbm93bGVkZ2UgUHJhY3RpY2VzIGluIERlc2lnbiBUaGUgUm9sZSBvZiBWaXN1YWwgLnBkZgAAEwABLwAAFQACAAv//wAAgAbSGxwdHlokY2xhc3NuYW1lWCRjbGFzc2VzXU5TTXV0YWJsZURhdGGjHR8gVk5TRGF0YVhOU09iamVjdNIbHCIjXE5TRGljdGlvbmFyeaIiIF8QD05TS2V5ZWRBcmNoaXZlctEmJ1Ryb290gAEACAARABoAIwAtADIANwBAAEYATQBVAGAAZwBqAGwAbgBxAHMAdQB3AIQAjgDrAPAA+AOKA4wDkQOcA6UDswO3A74DxwPMA9kD3APuA/ED9gAAAAAAAAIBAAAAAAAAACgAAAAAAAAAAAAAAAAAAAP4},
	Bdsk-File-2 = {YnBsaXN0MDDUAQIDBAUGJCVYJHZlcnNpb25YJG9iamVjdHNZJGFyY2hpdmVyVCR0b3ASAAGGoKgHCBMUFRYaIVUkbnVsbNMJCgsMDxJXTlMua2V5c1pOUy5vYmplY3RzViRjbGFzc6INDoACgAOiEBGABIAFgAdccmVsYXRpdmVQYXRoWWFsaWFzRGF0YV8QH25vdGVzL2V3ZW5zdGVpbjIwMDlrbm93bGVkZ2UubWTSFwsYGVdOUy5kYXRhTxEB1gAAAAAB1gACAAAMTWFjaW50b3NoIEhEAAAAAAAAAAAAAAAAAAAAzKbwwkgrAAABG4amGWV3ZW5zdGVpbjIwMDlrbm93bGVkZ2UubWQAAAAAAAAAAAAAAAAAAAAAAAAAAAAAAAAAAAAAAAAAAAAAAAAAAAEbh4PSXCcaAAAAAAAAAAAAAQADAAAJIAAAAAAAAAAAAAAAAAAAAAVub3RlcwAAEAAIAADMpsaSAAAAEQAIAADSXAr6AAAAAQAYARuGpgAF72sABe9TAAXu7gAFys4AAgY7AAIAU01hY2ludG9zaCBIRDpVc2VyczoAZXprdToARHJvcGJveDoAT3Bpbm5vdDoARGlwcGE6AG5vdGVzOgBld2Vuc3RlaW4yMDA5a25vd2xlZGdlLm1kAAAOADQAGQBlAHcAZQBuAHMAdABlAGkAbgAyADAAMAA5AGsAbgBvAHcAbABlAGQAZwBlAC4AbQBkAA8AGgAMAE0AYQBjAGkAbgB0AG8AcwBoACAASABEABIAQFVzZXJzL2V6a3UvRHJvcGJveC9PcGlubm90L0RpcHBhL25vdGVzL2V3ZW5zdGVpbjIwMDlrbm93bGVkZ2UubWQAEwABLwAAFQACAAv//wAAgAbSGxwdHlokY2xhc3NuYW1lWCRjbGFzc2VzXU5TTXV0YWJsZURhdGGjHR8gVk5TRGF0YVhOU09iamVjdNIbHCIjXE5TRGljdGlvbmFyeaIiIF8QD05TS2V5ZWRBcmNoaXZlctEmJ1Ryb290gAEACAARABoAIwAtADIANwBAAEYATQBVAGAAZwBqAGwAbgBxAHMAdQB3AIQAjgCwALUAvQKXApkCngKpArICwALEAssC1ALZAuYC6QL7Av4DAwAAAAAAAAIBAAAAAAAAACgAAAAAAAAAAAAAAAAAAAMF}}
